<?xml version="1.0" encoding="UTF-8"?><collection xmlns="http://www.loc.gov/MARC21/slim"><record><leader>00334nam--2200133-i-4500</leader><controlfield tag="001">000013764</controlfield><controlfield tag="002">20161230</controlfield><controlfield tag="005">20161230201030</controlfield><controlfield tag="008">060222s1000------------r-----000-0-eng-d</controlfield><datafield ind1=" " ind2=" " tag="100"><subfield code="a">Bullen, K. E</subfield></datafield><datafield ind1=" " ind2=" " tag="245"><subfield code="a">The constants of seismological observatories</subfield></datafield><datafield ind1=" " ind2=" " tag="260"><subfield code="a">Newport, County Press, 1933</subfield></datafield><datafield ind1=" " ind2=" " tag="490"><subfield code="a">14 P</subfield></datafield><datafield ind1=" " ind2=" " tag="852"><subfield code="a">550.34(083.5)</subfield></datafield></record></collection>